@book{bpt,
  title     = {Basic proof theory},
  author    = {Troelstra, Anne Sjerp and Schwichtenberg, Helmut},
  number    = {43},
  year      = {2000},
  publisher = {Cambridge University Press}
}
