@book{bpt,
  title     = {Basic proof theory},
  author    = {Troelstra and Schwichtenberg},
  year      = {2000},
  publisher = {Cambridge University Press}
}
